@inproceedings{marquardt2009haptic,
  title={The Haptic Tabletop Puck: tactile feedback for interactive tabletops},
  author={Marquardt, Nicolai and Nacenta, Miguel A and Young, James E and Carpendale, Sheelagh and Greenberg, Saul and Sharlin, Ehud},
  booktitle={Proceedings of the ACM International Conference on Interactive Tabletops and Surfaces},
  pages={85--92},
  year={2009},
  organization={ACM}
}

@inproceedings{ledo2012haptictouch,
  title={The HapticTouch toolkit: enabling exploration of haptic interactions},
  author={Ledo, David and Nacenta, Miguel A and Marquardt, Nicolai and Boring, Sebastian and Greenberg, Saul},
  booktitle={Proceedings of the Sixth International Conference on Tangible, Embedded and Embodied Interaction},
  pages={115--122},
  year={2012},
  organization={ACM}
}

@inproceedings{brock2010usage,
  title={Usage of multimodal maps for blind people: why and how},
  author={Brock, Anke and Truillet, Philippe and Oriola, Bernard and Jouffrais, Christophe},
  booktitle={ACM international conference on interactive tabletops and surfaces},
  pages={247--248},
  year={2010},
  organization={ACM}
}

@article{sodhi2013aireal,
  title={AIREAL: interactive tactile experiences in free air},
  author={Sodhi, Rajinder and Poupyrev, Ivan and Glisson, Matthew and Israr, Ali},
  journal={ACM Transactions on Graphics (TOG)},
  volume={32},
  number={4},
  pages={134},
  year={2013},
  publisher={ACM}
}

@inproceedings{harrison2009providing,
  title={Providing dynamically changeable physical buttons on a visual display},
  author={Harrison, Chris and Hudson, Scott E},
  booktitle={Proceedings of the SIGCHI Conference on Human Factors in Computing Systems},
  pages={299--308},
  year={2009},
  organization={ACM}
}

@inproceedings{roberts2007we,
  title={Where are we with Haptic Visualization?},
  author={Roberts, Jonathan C and Paneels, Sabrina},
  booktitle={EuroHaptics Conference, 2007 and Symposium on Haptic Interfaces for Virtual Environment and Teleoperator Systems. World Haptics 2007. Second Joint},
  pages={316--323},
  year={2007},
  organization={IEEE}
}

@inproceedings{follmer2013inform,
  title={inFORM: dynamic physical affordances and constraints through shape and object actuation},
  author={Follmer, Sean and Leithinger, Daniel and Ishii, Alex Olwal Akimitsu Hogge Hiroshi},
  booktitle={Proceedings of the 26th annual ACM symposium on User interface software and technology},
  pages={417--426},
  year={2013},
  organization={ACM}
}
